Date,Product,Region,Quantity Sold,Revenue
2022-01-31,Product A,North,120,24000
2022-02-28,Product B,South,150,30000
2022-03-31,Product C,East,100,20000
2022-04-30,Product A,North,130,26000
2022-05-31,Product B,South,170,34000
2022-06-30,Product C,East,95,19000
2022-07-31,Product A,North,110,22000
2022-08-31,Product B,South,160,32000
2022-09-30,Product C,East,90,18000
2022-10-31,Product A,North,125,25000
2022-11-30,Product B,South,140,28000
2022-12-31,Product C,East,105,21000
